@article{moore1990,
  title={Efficient memory-based learning for robot control},
  author={Moore, Andrew William},
  year={1990},
  publisher={Citeseer}
}

@inproceedings{sherstov2005,
  title={Function approximation via tile coding: Automating parameter choice},
  author={Sherstov, Alexander A and Stone, Peter},
  booktitle={SARA},
  volume={3607},
  pages={194--205},
  year={2005},
  organization={Springer}
}

@inproceedings{thomas2015,
  title={High-Confidence Off-Policy Evaluation.},
  author={Thomas, Philip S and Theocharous, Georgios and Ghavamzadeh, Mohammad},
  booktitle={AAAI},
  pages={3000--3006},
  year={2015}
}
